<record><leader>00000cas a22000007a 4500</leader><controlfield tag="001">15022821</controlfield><controlfield tag="008">861230d19781984pauwr ne      0    0eng d</controlfield><datafield ind1=" " ind2=" " tag="010"><subfield code="a">sn 88079472 </subfield></datafield><datafield ind1=" " ind2=" " tag="040"><subfield code="a">NPH</subfield><subfield code="b">eng</subfield><subfield code="c">NPH</subfield><subfield code="d">NSD</subfield><subfield code="d">OCLCQ</subfield></datafield><datafield ind1=" " ind2=" " tag="042"><subfield code="a">msc</subfield></datafield><datafield ind1="0" ind2="4" tag="245"><subfield code="a">The Independent enterprise news.</subfield></datafield><datafield ind1=" " ind2=" " tag="260"><subfield code="a">Edinboro, Pa. :</subfield><subfield code="b">[Brown-Thompson Newspapers, Inc.],</subfield><subfield code="c">1978-1984.</subfield></datafield><datafield ind1=" " ind2=" " tag="300"><subfield code="a">v. :</subfield><subfield code="b">ill.</subfield></datafield><datafield ind1=" " ind2=" " tag="310"><subfield code="a">Weekly</subfield></datafield><datafield ind1="0" ind2=" " tag="362"><subfield code="a">98th yr., no. 8 (Feb. 22, 1978)-104th yr., no. 48 (Nov. 28, 1984).</subfield></datafield><datafield ind1=" " ind2=" " tag="500"><subfield code="a">"Serving Edinboro, McKean and Cambridge Springs."</subfield></datafield><datafield ind1=" " ind2=" " tag="752"><subfield code="a">United States</subfield><subfield code="b">Pennsylvania</subfield><subfield code="c">Erie</subfield><subfield code="d">Edinboro.</subfield></datafield><datafield ind1=" " ind2=" " tag="752"><subfield code="a">United States</subfield><subfield code="b">Pennsylvania</subfield><subfield code="c">Crawford</subfield><subfield code="d">Cambridge Springs.</subfield></datafield><datafield ind1=" " ind2=" " tag="752"><subfield code="a">United States</subfield><subfield code="b">Pennsylvania</subfield><subfield code="c">Erie</subfield><subfield code="d">McKean.</subfield></datafield><datafield ind1="0" ind2="4" tag="780"><subfield code="t">Independent (Edinboro, Pa.)</subfield><subfield code="w">(DLC)sn 88079471</subfield></datafield><datafield ind1="0" ind2="4" tag="780"><subfield code="t">Enterprise-news (Cambridge Springs, Pa.)</subfield><subfield code="w">(DLC)sn 88080813</subfield></datafield><datafield ind1="0" ind2="0" tag="785"><subfield code="t">Independent-enterprise</subfield><subfield code="x">1041-7087</subfield><subfield code="w">(DLC)sn 88079473</subfield></datafield></record>